<?xml version="1.0" encoding="UTF-8"?><collection xmlns="http://www.loc.gov/MARC21/slim"><record><leader>00418nam--2200145-i-4500</leader><controlfield tag="001">000012290</controlfield><controlfield tag="002">20161230</controlfield><controlfield tag="005">20161230201029</controlfield><controlfield tag="008">060222s1000------------r-----000-0-eng-d</controlfield><datafield ind1=" " ind2=" " tag="080"><subfield code="a">530.145</subfield></datafield><datafield ind1=" " ind2=" " tag="100"><subfield code="a">Belinfante, F.J</subfield></datafield><datafield ind1=" " ind2=" " tag="245"><subfield code="a">Measurements and time reversal in objectiv quantum theory</subfield></datafield><datafield ind1=" " ind2=" " tag="260"><subfield code="a">Oxford, Pergamon Press, 1975. Xix + 142 P</subfield></datafield><datafield ind1=" " ind2=" " tag="490"><subfield code="a">International Series In Natural Philosophy</subfield></datafield><datafield ind1=" " ind2=" " tag="852"><subfield code="a">45300</subfield></datafield></record></collection>